<collection xmlns="http://www.loc.gov/MARC21/slim"><record><leader>00752nam  2200217   450</leader><controlfield tag="001">397</controlfield><controlfield tag="003">http://montalegre.opacnet.com/OPAC/default.aspx?ContentAreaControl=ShowRegHoldings.ascx&amp;RegNo=16662</controlfield><datafield tag="095" ind1=" " ind2=" "><subfield code="a">PTBN00000932</subfield></datafield><datafield tag="100" ind1=" " ind2=" "><subfield code="a">19800501d1980    m  y0pora0103    ba</subfield></datafield><datafield tag="101" ind1="1" ind2=" "><subfield code="a">por</subfield><subfield code="c">eng</subfield></datafield><datafield tag="102" ind1=" " ind2=" "><subfield code="a">PT</subfield></datafield><datafield tag="200" ind1="1" ind2=" "><subfield code="a">Cláudio e Messalina</subfield><subfield code="f">Robert Graves</subfield><subfield code="g">trad. de Rogério Petinga</subfield></datafield><datafield tag="210" ind1=" " ind2=" "><subfield code="a">Amadora</subfield><subfield code="c">Bertrand</subfield><subfield code="d">imp. 1980</subfield></datafield><datafield tag="215" ind1=" " ind2=" "><subfield code="a">496, [1] p.</subfield><subfield code="d">20 cm</subfield></datafield><datafield tag="225" ind1="2" ind2=" "><subfield code="a">Autores universais</subfield></datafield><datafield tag="304" ind1=" " ind2=" "><subfield code="a">Tít. orig. Claudius, the God, and his wife Messalina</subfield></datafield><datafield tag="675" ind1=" " ind2=" "><subfield code="a">821</subfield><subfield code="v">bn</subfield><subfield code="z">por</subfield></datafield><datafield tag="700" ind1=" " ind2="1"><subfield code="a">Graves</subfield><subfield code="b">Robert</subfield><subfield code="f">1895-1985</subfield><subfield code="3">39904</subfield></datafield><datafield tag="702" ind1=" " ind2="1"><subfield code="a">Petinga</subfield><subfield code="b">Rogério</subfield><subfield code="4">730</subfield><subfield code="3">78624</subfield></datafield><datafield tag="801" ind1=" " ind2="0"><subfield code="a">PT</subfield><subfield code="b">Biblioteca Municipal de Montalegre</subfield><subfield code="g">RPC</subfield></datafield><datafield tag="856" ind1=" " ind2=" "><subfield code="u">locateMedia.asp?cod=20060516110241&amp;ext=jpg</subfield><subfield code="z">CAPA</subfield></datafield><datafield tag="909" ind1="&#9;" ind2=" "><subfield code="a">1</subfield></datafield><datafield tag="966" ind1=" " ind2=" "><subfield code="a">0008679</subfield><subfield code="l">BMM</subfield><subfield code="s">SCG 821 GRA clá</subfield></datafield></record></collection>